[1]Chatterjee S, Lehmann R. Evolution of team sports: A case study for National Basketball Association[J]. Journal of Sport Behavior, 1997, 20(4): 412.
[2]Hausman J A, Leonard G K. Superstars in the National Basketball Association: Economic value and policy[J]. Journal of Labor Economics, 1997, 15(4): 586-624.
[3]Mizak D, Stair A. The relationship between payroll and performance disparity in major league baseball: An alternative measure[J]. Economics Bulletin, 2004, 12(9): 1-14.
[4]Franks A, Miller A, Bornn L, et al. Counterpoints: Advanced defensive metrics for nba basketball[C]//9th Annual MIT Sloan Sports Analytics Conference, Boston, MA. 2015.
[5]Hu F, Zidek J V. Forecasting NBA basketball playoff outcomes using the weighted likelihood[M]//A Festschrift for Herman Rubin. Institute of Mathematical Statistics, 2004: 385-395.
[6]True shooting percentage: From Wikipedia, the free encyclopedia: https://en.wikipedia.org/wiki/True_shooting_percentage
[7]Effective field goal percentage : From Wikipedia, the free encyclopedia: https://en.wikipedia.org/wiki/Effective_field_goal_percentage
[8]Calculating PER: https://www.basketball-reference.com/about/per.html
[9]Usage and Efficiency: https://squared2020.com/2017/12/02/usage-and-efficiency/
[10]Analyzing NBA Possession Models: https://squared2020.com/2017/07/10/analyzing-nba-possession-models/
[11]杨楠. 岭回归分析在解决多重共线性问题中的独特作用[J]. 统计与决策, 2004 (3): 14-15.
[12]陈峰. 主成分回归分析[D]. , 1991.