@article{kubatko2007starting,
  title={A starting point for analyzing basketball statistics},
  author={Kubatko, Justin and Oliver, Dean and Pelton, Kevin and Rosenbaum, Dan T},
  journal={Journal of Quantitative Analysis in Sports},
  volume={3},
  number={3},
  year={2007},
  publisher={De Gruyter}
}

